@article{Hungarian,
  title={The Hungarian method for the assignment problem},
  author={Kuhn, Harold W},
  journal={Naval research logistics quarterly},
  volume={2},
  number={1-2},
  pages={83--97},
  year={1955},
  publisher={Wiley Online Library}
}

@inproceedings{Hopcroft,
  title={An $n^{5/2}$ algorithm for maximum matchings in bipartite graphs},
  author={Hopcroft, John E. and Karp, Richard M.},
  booktitle={SIAM Journal on computing},
  volume={2},
  number={4},
  pages={225-231},
  year={1973},
}

@misc{github,
  author={FreeSoftwareFoundation},
  title={graph-basics},
  howpublished={\url{https://github.com/coq-contribs/graph-basics/}}
}